
@book{s2011,
        title={Erfolgreich studieren},
        author={Spoun, Sascha},
        year={2011},
        publisher={Pearson Deutschland GmbH}
}
@article{DBLP:journals/ijcip/HeinrichGAK23,
  author       = {Markus Heinrich and
                  Arwed G{\"{o}}lz and
                  Tolga Arul and
                  Stefan Katzenbeisser},
  title        = {Rule-based anomaly detection for railway signalling networks},
  journal      = {Int. J. Crit. Infrastructure Prot.},
  volume       = {42},
  pages        = {100603},
  year         = {2023},
  url          = {https://doi.org/10.1016/j.ijcip.2023.100603},
  doi          = {10.1016/J.IJCIP.2023.100603},
  timestamp    = {Sat, 14 Oct 2023 20:14:13 +0200},
  biburl       = {https://dblp.org/rec/journals/ijcip/HeinrichGAK23.bib},
  bibsource    = {dblp computer science bibliography, https://dblp.org}
}
@inproceedings{DBLP:conf/eurocrypt/Groth16,
  author       = {Jens Groth},
  editor       = {Marc Fischlin and
                  Jean{-}S{\'{e}}bastien Coron},
  title        = {On the Size of Pairing-Based Non-interactive Arguments},
  booktitle    = {Advances in Cryptology - {EUROCRYPT} 2016 - 35th Annual International
                  Conference on the Theory and Applications of Cryptographic Techniques,
                  Vienna, Austria, May 8-12, 2016, Proceedings, Part {II}},
  series       = {Lecture Notes in Computer Science},
  volume       = {9666},
  pages        = {305--326},
  publisher    = {Springer},
  year         = {2016},
  url          = {https://doi.org/10.1007/978-3-662-49896-5\_11},
  doi          = {10.1007/978-3-662-49896-5\_11},
  timestamp    = {Tue, 14 May 2019 10:00:53 +0200},
  biburl       = {https://dblp.org/rec/conf/eurocrypt/Groth16.bib},
  bibsource    = {dblp computer science bibliography, https://dblp.org}
}

